<record><leader>00000cas a2200000 a 4500</leader><controlfield tag="001">8807485</controlfield><controlfield tag="008">820925d18401851iluwr nd      0   a0eng  </controlfield><datafield ind1=" " ind2=" " tag="010"><subfield code="a">sn 82014962 </subfield></datafield><datafield ind1=" " ind2=" " tag="040"><subfield code="a">DLC</subfield><subfield code="b">eng</subfield><subfield code="c">DLC</subfield><subfield code="d">NPX</subfield><subfield code="d">DLC</subfield><subfield code="d">OCL</subfield><subfield code="d">DLC</subfield><subfield code="d">NVF</subfield><subfield code="d">CNK</subfield><subfield code="d">NVF</subfield><subfield code="d">CVF</subfield><subfield code="d">OCL</subfield><subfield code="d">NVF</subfield><subfield code="d">DLC</subfield><subfield code="d">NVF</subfield><subfield code="d">OCLCO</subfield><subfield code="d">OCLCQ</subfield><subfield code="d">OCLCF</subfield><subfield code="d">NVF</subfield></datafield><datafield ind1=" " ind2=" " tag="019"><subfield code="a">9142399</subfield></datafield><datafield ind1=" " ind2=" " tag="042"><subfield code="a">pcc</subfield></datafield><datafield ind1=" " ind2=" " tag="043"><subfield code="a">n-us-il</subfield></datafield><datafield ind1="0" ind2="0" tag="050"><subfield code="a">Newspaper</subfield></datafield><datafield ind1="0" ind2=" " tag="130"><subfield code="a">Peoria Democratic press (Peoria, Ill. : 1840)</subfield></datafield><datafield ind1="1" ind2="0" tag="245"><subfield code="a">Peoria Democratic press.</subfield></datafield><datafield ind1="1" ind2="7" tag="246"><subfield code="a">Peoria press</subfield><subfield code="f">Apr. 7, 1841-&lt;Mar. 13, 1850&gt;</subfield></datafield><datafield ind1=" " ind2=" " tag="260"><subfield code="a">Peoria, Ill. :</subfield><subfield code="b">John S. Zieber,</subfield><subfield code="c">1840-1851.</subfield></datafield><datafield ind1="2" ind2=" " tag="260"><subfield code="3">&lt;Aug. 5, 1846-Dec. 15, 1847&gt;</subfield><subfield code="a">Peoria, Ill. :</subfield><subfield code="b">Thomas Phillips</subfield></datafield><datafield ind1="3" ind2=" " tag="260"><subfield code="3">&lt;Aug. 8, 1849-Sept. 10, 1851&gt;</subfield><subfield code="a">Peoria, Ill. :</subfield><subfield code="b">Washington Cockle</subfield></datafield><datafield ind1=" " ind2=" " tag="300"><subfield code="a">v.</subfield></datafield><datafield ind1=" " ind2=" " tag="310"><subfield code="a">Weekly</subfield></datafield><datafield ind1="0" ind2=" " tag="362"><subfield code="a">Vol. 1, no. 1 (Feb. 20, 1840)-v. 12, no. 32 (Sept. 10, 1851).</subfield></datafield><datafield ind1=" " ind2=" " tag="530"><subfield code="a">[A]vailable on microfilm;</subfield><subfield code="b">Library of Congress, Photoduplication Service.</subfield></datafield><datafield ind1=" " ind2="0" tag="651"><subfield code="a">Peoria (Ill.)</subfield><subfield code="v">Newspapers.</subfield></datafield><datafield ind1=" " ind2="7" tag="651"><subfield code="a">Illinois</subfield><subfield code="z">Peoria.</subfield><subfield code="2">fast</subfield><subfield code="0">(OCoLC)fst01206107</subfield></datafield><datafield ind1=" " ind2="7" tag="655"><subfield code="a">Newspapers.</subfield><subfield code="2">fast</subfield><subfield code="0">(OCoLC)fst01423814</subfield></datafield><datafield ind1=" " ind2=" " tag="752"><subfield code="a">United States</subfield><subfield code="b">Illinois</subfield><subfield code="c">Peoria County</subfield><subfield code="d">Peoria.</subfield></datafield><datafield ind1="0" ind2="0" tag="785"><subfield code="t">Peoria weekly Democratic press</subfield><subfield code="w">(DLC)sn 84038611</subfield><subfield code="w">(OCoLC)11358840</subfield></datafield></record>